@misc{EXA13,
author={{International Data Corporation}},
howpublished = {Online \url{http://www.businesswire.com/news/home/20131021005243/en/IDCs-Outlook-Data-Byte-Density-Globe-Big}}
}


@misc{idc1,
title = {Enterprise Storage Services Survey},
howpublished = {\url{http://www.idc.com/getdoc.jsp?containerId=254468}}
}

@misc{SG14,
title = {{Storage Solutions Guide - Seagate }},
howpublished = {Online \url{http://www.seagate.com/files/www-content/product-content/_cross-product/en-us/docs/seagate-storage-and-application-guide-apac.pdf}}
}

@techreport{DOEExa13,
author = {{Department of Energy}},
title = {{Exascale Strategy -- Report to Congress}},
year = {2013},
month = {June},
institution = {United States Department of Energy},
note = {\url{http://assets.fiercemarkets.net/public/sites/govit/perera_fgit_foia_doe_exascale%20report.pdf}},
}

@misc{top14,
author = {Lucas, Robert and committee members},
title = {Top Ten Exascale Research Challenges},
institution = {DOE ASCAC Subcommitee Report},
year = {2014},
month = {Feb},
howpublished = {Online \url{http://science.energy.gov/~/media/ascr/ascac/pdf/meetings/20140210/Top10reportFEB14.pdf}}
}

@inproceedings{bancroft2009,
  title={HEC FSIO 2008 Workshop Report},
  author={Bancroft, M and Bent, J and Felix, E and Grider, G and Nunez, J and Poole, S and Ross, R and Salmon, E and Ward, L},
  booktitle={High End Computing Interagency Working Group (HECIWG), Sponsored File Systems and I/O Workshop HEC FSIO},
  year={2009}
}

@misc{brinkmann14,
title = {{E10 -- Exascale IO}},
month = {June},
year = {2014},
author = {Brinkmann, A and Cortes, T and Falter, H and  Kunkel, J and Narasimhamurthy, S}
}

@inproceedings{luu2015multiplatform,
  title={A Multiplatform Study of I/O Behavior on Petascale Supercomputers},
  author={Luu, Huong and Winslett, Marianne and Gropp, William and Ross, Robert and Carns, Philip and Harms, Kevin and Prabhat, Mr and Byna, Suren and Yao, Yushu},
  booktitle={Proceedings of the 24th International Symposium on High-Performance Parallel and Distributed Computing},
  pages={33--44},
  year={2015},
  organization={ACM}
}

@misc{data13,
  author={{StorageServers Blog}},
  title={Facts and Stats of Worldâ€™s largest data centers},
  year = {2013},
  month= {July},
  howpublished = {Online \url{https://storageservers.wordpress.com/2013/07/17/facts-and-stats-of-worlds-largest-data-centers/}}
}

% TODOs
% Freezing Exabytes of Data at Facebook's Cold Storage
% EVTL:
% http://www.datacenterknowledge.com/about-us/

